%%--- The 3 S books : --------

@Book{BecRCW88,
  author = 	 {Richard A. Becker  and John M. Chambers and Allan R. Wilks},
  title = 	 {The S Language; A Programming Environment for Data
		  Analysis and Graphics},
  publisher = 	 {Wadsworth \& Brooks/Cole},
  address =	{Pacific Grove},
  year = 	 1988
}

@Book{ChaJH92,
  author = 	 {John M. Chambers and Trevor J. Hastie},
  title = 	 {Statistical Models in S},
  publisher = 	 {Wadsworth \& Brooks/Cole},
  year = 	 1992
}

@Book{ChaJ98,
  author =	 {John M. Chambers},
  title = 	 {Programming with Data; A Guide to the S Language},
  publisher = 	 {Springer-Verlag, New York},
  year = 	 1998
}

%%--------- Other books : ----------------

@book{Tier90,
  author = "Tierney, Luke",
  title  = "Lisp-Stat: An Object-Oriented Environment for Statistical
            Computing  and Dynamic Graphics",
  publisher = "John Wiley \& Sons",
  year = 1990,
  address = "New York"
}

%%-------------- Web Citations -------------


%%-------------- Articles, Reports ---------------

@article{youn:lubi:1995,
  Author =	 {Young, Forrest W. and Lubinsky, David J.},
  Title =	 {Guiding Data Analysts With Visual Statistical
                  Strategies (Disc: P251-260)},
  Year =	 1995,
  Journal =	 {Journal of Computational and Graphical Statistics},
  Volume =	 4,
  Pages =	 {229--250},
  Keywords =	 {Graphics; Software; [Artificial intelligence];
                  [Cognitive science]; [Hypertext]; [Lisp-Stat];
                  [Program visualization]; [Statistical system
                  design]; [ViSta]; [Visual programming]}
}

@inproceedings{youn:fald:mcfa:1992,
  Author =	 {Young, Forrest W. and Faldowski, Richard A. and
                  McFarlane, Mary M.},
  Title =	 {ViSta: {A} Visual Statistics Research and
                  Development Testbed},
  Year =	 1992,
  Booktitle =	 {Computing Science and Statistics. Proceedings of the
                  24rd Symposium on the Interface},
  Publisher =	 {Interface Foundation of North America (Fairfax
                  Station, VA)},
  Pages =	 {224--233},
  Keywords =	 {Graphics; Software}
}

@article{ihak:gent:1996,
  Author =	 {Ihaka, Ross and Gentleman, Robert},
  Title =	 {R: {A} Language for Data Analysis and Graphics},
  Year =	 1996,
  Journal =	 {Journal of Computational and Graphical Statistics},
  Volume =	 5,
  Pages =	 {299--314},
  Keywords =	 {Computer language; Statistical computing}
}


@TechReport{ross:lunt:2001,
  author = 	 {Rossini, A.J. and Lunt, Mark},
  title = 	 {Literate Statistical Analysis},
  institution =  {University of Washington, Biostatistics},
  year = 	 {2001},
  OPTkey = 	 {},
  OPTtype = 	 {},
  OPTnumber = 	 {},
  OPTaddress = 	 {},
  OPTmonth = 	 {},
  OPTnote = 	 {},
  OPTannote = 	 {}
}

